<record><leader>00000cas a22000007a 4500</leader><controlfield tag="001">10631321</controlfield><controlfield tag="008">840416d19691991couwr ne      0   a0eng d</controlfield><datafield ind1=" " ind2=" " tag="010"><subfield code="a">sn 84007750 </subfield></datafield><datafield ind1=" " ind2=" " tag="040"><subfield code="a">NSD</subfield><subfield code="b">eng</subfield><subfield code="c">NSD</subfield><subfield code="d">CNQ</subfield><subfield code="d">NSD</subfield><subfield code="d">OCLCQ</subfield></datafield><datafield ind1=" " ind2=" " tag="012"><subfield code="k">1</subfield><subfield code="m">d</subfield></datafield><datafield ind1="1" ind2=" " tag="022"><subfield code="a">0747-2021</subfield><subfield code="l">0747-2021</subfield><subfield code="2">1</subfield></datafield><datafield ind1=" " ind2=" " tag="037"><subfield code="b">Sentinal Publications Co., Lakeside Mall, Unit L-1, 5801 W. 44th Ave., Denver CO 80212</subfield></datafield><datafield ind1=" " ind2=" " tag="042"><subfield code="a">msc</subfield><subfield code="a">nsdp</subfield></datafield><datafield ind1=" " ind2="0" tag="222"><subfield code="a">Wheat Ridge sentinel</subfield></datafield><datafield ind1="0" ind2="0" tag="245"><subfield code="a">Wheat Ridge sentinel.</subfield></datafield><datafield ind1=" " ind2=" " tag="260"><subfield code="a">Wheat Ridge, Colo. :</subfield><subfield code="b">Gateway West Pub. Co.</subfield></datafield><datafield ind1=" " ind2=" " tag="310"><subfield code="a">Weekly</subfield></datafield><datafield ind1="0" ind2=" " tag="362"><subfield code="a">-v. 22, issue 6 (Sept. 12, 1991).</subfield></datafield><datafield ind1=" " ind2=" " tag="500"><subfield code="a">Issues for &lt;May 19, 1988-&gt; published: Denver, CO : Sentinel Pub., Co.</subfield></datafield><datafield ind1=" " ind2=" " tag="530"><subfield code="a">Available on microfilm from the Colorado Historical Society.</subfield></datafield><datafield ind1=" " ind2=" " tag="588"><subfield code="a">Description based on: Vol. 2, no. 20 (Oct. 29, 1970).</subfield></datafield><datafield ind1=" " ind2=" " tag="588"><subfield code="a">Latest issue consulted: 18th year, 44th issue (May 19, 1988).</subfield></datafield><datafield ind1=" " ind2=" " tag="752"><subfield code="a">United States</subfield><subfield code="b">Colorado</subfield><subfield code="c">Jefferson</subfield><subfield code="d">Wheat Ridge.</subfield></datafield><datafield ind1=" " ind2=" " tag="752"><subfield code="a">United States</subfield><subfield code="b">Colorado</subfield><subfield code="c">Jefferson</subfield><subfield code="d">Lakewood.</subfield></datafield><datafield ind1="0" ind2="0" tag="785"><subfield code="t">Wheat Ridge Jefferson sentinel</subfield><subfield code="x">1060-5223</subfield><subfield code="w">(DLC)sn 91052651</subfield></datafield><datafield ind1="1" ind2=" " tag="029"><subfield code="a">AU@</subfield><subfield code="b">000025814464</subfield></datafield></record>